% This file was created with Citavi 6.3.0.0

@book{Howard.2009,
 author = {Howard, Jack},
 year = {2009},
 title = {HDRI in der Praxis: High Dynamic Range Imaging f{\"u}r Fotografen},
 price = {ca. sfr 51.00 (freier Pr.), EUR 34.00, ca. EUR 29.90 (AT)},
 address = {Heidelberg},
 edition = {1. Auflage},
 publisher = {dpunkt-Verl.},
 isbn = {9783898645805}
}


% https://www.99blickwinkel.com/hdr-fotografie-tipps-tricks/
% https://trendblog.euronics.de/tv-streaming/hdr-hdr-dolby-vision-hlg-das-verbirgt-sich-hinter-den-abkuerzungen-62704/
% http://hdr.gerhard-obermayr.com/technik/geschichte/
% https://www.tomsguide.com/us/iphone-xs-smart-hdr,news-28203.html
% https://www.burosch.de/hdr.html